@inproceedings{lee2020keystone,
  title={Keystone: An open framework for architecting trusted execution environments},
  author={Lee, Dayeol and Kohlbrenner, David and Shinde, Shweta and Asanovi{\'c}, Krste and Song, Dawn},
  booktitle={Proceedings of the Fifteenth European Conference on Computer Systems},
  pages={1--16},
  year={2020}
}

@misc{IntroTEE,
  title = {Introduction to Trusted Execution Environment: ARM's TrustZone},
  howpublished = {\url{https://blog.quarkslab.com/introduction-to-trusted-execution-environment-arms-trustzone.html}},
  note = {Accessed: 2022-09-02},
  author={Joffrey Guilbon},
  year={2018}
}