@article{tobin2016inevitable,
  title={The inevitable rise of self-sovereign identity},
  author={Tobin, Andrew and Reed, Drummond},
  journal={The Sovrin Foundation},
  volume={29},
  number={2016},
  pages={18},
  year={2016}
}

@misc{didW3C,
  title={{Decentralized Identifiers (DIDs) v1.0}},
  author={M. Sporny and D. Longley and M. Sabadello and D. Reed and O. Steele and C. Allen},
  note={\url{https://www.w3.org/TR/did-core}}
}

@misc{vcW3C,
  title={{Verifiable redentials Data Model v1.1}},
  author={M. Sporny and D. Longley and D. Chadwick},
  note={\url{https://www.w3.org/TR/vc-data-model}}
}

@inproceedings{lee2020keystone,
  title={Keystone: An open framework for architecting trusted execution environments},
  author={Lee, Dayeol and Kohlbrenner, David and Shinde, Shweta and Asanovi{\'c}, Krste and Song, Dawn},
  booktitle={Proceedings of the Fifteenth European Conference on Computer Systems},
  pages={1--16},
  year={2020}
}

@misc{IntroTEE,
  title = {Introduction to Trusted Execution Environment: ARM's TrustZone},
  author={Joffrey Guilbon},
  note = {\url{https://blog.quarkslab.com/introduction-to-trusted-execution-environment-arms-trustzone.html}}
}

@misc{berners2005uniform, crossref={rfc3986}}

@misc{rfc3986,
  author={Berners-Lee, Tim and Fielding, Roy and Masinter, Larry},
  title={{Uniform resource identifier (URI): Generic syntax}},
  howpublished={\rfc{3986}},
  year=2005,
  month = jan,
  doi = {10.17487/RFC3986}
}

@misc{json-rfc3986,
  author={Bray, T., Ed.},
  title={{The JavaScript Object Notation (JSON) Data Interchange Format}},
  howpublished={\rfc{8259}},
  year=2017,
  month = dec,
  doi = {10.17487/RFC8259}
}

@misc{json-ld,
  title={{JSON-LD 1.1}},
  author={G. Kellogg and P. Champin and D. Longley},
  note={\url{https://www.w3.org/TR/json-ld11/}}
}